@article{Levins1966,
    author = {Levins, R.},
    title = {The strategy of model building in population biology},
    journal = {American Scientist},
    volume = {54},
    pages = {421--431},
    year = {1966}
}

@article{Johnson2004,
    author = {Johnson, J. B. and Omland, K. S.},
    title = {Model selection in ecology and evolution},
    journal = {Trends in Ecology & Evolution},
    volume = {19},
    pages = {101--108},
    year = {2004}
}

@book{Motulsky2004,
    author = {Motulsky, H. and Christopoulos, A.},
    title = {Fitting models to biological data using linear and nonlinear regression: A practical guide to curve fitting},
    publisher = {Oxford University Press},
    address = {USA},
    year = {2004}
}

@article{Bolker2013,
    author = {Bolker, B. M. and others},
    title = {Strategies for fitting nonlinear ecological models in R, AD Model Builder, and BUGS},
    journal = {Methods in Ecology and Evolution},
    volume = {4},
    pages = {501--512},
    year = {2013}
}
@article{Zwietering1990,
  author = {Zwietering, M. H. and Jongenburger, I. and Rombouts, F. M. and Van't Riet, K.},
  title = {Modeling of the Bacterial Growth Curve},
  journal = {Applied and Environmental Microbiology},
  volume = {56},
  number = {6},
  pages = {1875--1881},
  year = {1990}
}

@article{Buchanan1997,
  author = {Buchanan, R. L. and Whiting, R. C. and Damert, W. C.},
  title = {When Is Simple Good Enough: A Comparison of the Gompertz, Baranyi, and Three-Phase Linear Models for Fitting Bacterial Growth Curves},
  journal = {Food Microbiology},
  volume = {14},
  number = {4},
  pages = {313--326},
  year = {1997},
  doi = {10.1006/fmic.1997.0125}
}


@article{Micha2011,
  author = {Micha, P. and Corradini, M. G.},
  title = {Microbial Growth Curves: What the Models Tell Us and What They Cannot},
  journal = {Critical Reviews in Food Science and Nutrition},
  year = {2011},
  doi = {10.1080/10408398.2011.570463}
}
@article{Graeme,
title = {The need for biological realism in the updating of cellular automata models},
journal = {Ecological Modelling},
volume = {107},
number = {2},
pages = {105-112},
year = {1998},
issn = {0304-3800},
doi = {https://doi.org/10.1016/S0304-3800(97)00179-8},
url = {https://www.sciencedirect.com/science/article/pii/S0304380097001798},
author = {Graeme D Ruxton and Leonardo A Saravia},
}
@article{Michael,
title = {Reaching new levels of realism in modeling biological macromolecules in cellular environments},
journal = {Journal of Molecular Graphics and Modelling},
volume = {45},
pages = {144-156},
year = {2013},
issn = {1093-3263},
doi = {https://doi.org/10.1016/j.jmgm.2013.08.017},
url = {https://www.sciencedirect.com/science/article/pii/S1093326313001447},
author = {Michael Feig and Yuji Sugita},
}

@article{Wagenmakers2004,
  author = {Wagenmakers, EJ. and Farrell, S.},
  title = {AIC model selection using Akaike weights},
  journal = {Psychonomic Bulletin \& Review},
  volume = {11},
  pages = {192--196},
  year = {2004},
  doi = {10.3758/BF03206482}
}

@article{malthus1986essay,
  title={An essay on the principle of population (1798)},
  author={Malthus, Thomas Robert},
  journal={The Works of Thomas Robert Malthus, London, Pickering \& Chatto Publishers},
  volume={1},
  pages={1--139},
  year={1986}
}

@article{baranyi1994dynamic,
  title={A dynamic approach to predicting bacterial growth in food},
  author={Baranyi, J{\'o}zsef and Roberts, Terry A},
  journal={International journal of food microbiology},
  volume={23},
  number={3-4},
  pages={277--294},
  year={1994},
  publisher={Elsevier}
}
@article{Agarwal,
  title={Logistic Models},
  author={Agarwal, Ravi P and O'Regan, Donal and Saker, Samir H and Agarwal, Ravi P and Oâ€™Regan, Donal and Saker, Samir H},
  journal={Oscillation and Stability of Delay Models in Biology},
  pages={1--7},
  year={2014},
  publisher={Springer}
}

